<record><leader>00000cas a22000007a 4500</leader><controlfield tag="001">10163354</controlfield><controlfield tag="008">831126d18721916pauwr ne      0    0eng d</controlfield><datafield ind1=" " ind2=" " tag="010"><subfield code="a">sn 83032130 </subfield></datafield><datafield ind1=" " ind2=" " tag="040"><subfield code="a">NPU</subfield><subfield code="b">eng</subfield><subfield code="c">NPU</subfield><subfield code="d">NPH</subfield><subfield code="d">NPX</subfield><subfield code="d">NPH</subfield><subfield code="d">OCLCQ</subfield></datafield><datafield ind1=" " ind2=" " tag="042"><subfield code="a">msc</subfield></datafield><datafield ind1="0" ind2=" " tag="130"><subfield code="a">Hanover herald (Hanover, Pa. : 1872)</subfield></datafield><datafield ind1="1" ind2="4" tag="245"><subfield code="a">The Hanover herald.</subfield></datafield><datafield ind1=" " ind2=" " tag="260"><subfield code="a">Hanover, Pa. :</subfield><subfield code="b">Smith &amp; Bittinger,</subfield><subfield code="c">1872-1916.</subfield></datafield><datafield ind1=" " ind2=" " tag="300"><subfield code="a">44 v. ;</subfield><subfield code="c">60 cm.</subfield></datafield><datafield ind1=" " ind2=" " tag="310"><subfield code="a">Weekly</subfield></datafield><datafield ind1="0" ind2=" " tag="362"><subfield code="a">Vol. 1, no. 1 (June 29, 1872)- v. 44, no. 52 (Aug. 26, 1916).</subfield></datafield><datafield ind1=" " ind2=" " tag="500"><subfield code="a">Editor: Malcolm O. Smith, &lt;1876&gt;.</subfield></datafield><datafield ind1=" " ind2=" " tag="580"><subfield code="a">Daily eds. : Evening herald (Hanover, Pa.), 1894-1904; Record herald (Hanover, Pa.) 1904-1916.</subfield></datafield><datafield ind1=" " ind2=" " tag="752"><subfield code="a">United States</subfield><subfield code="b">Pennsylvania</subfield><subfield code="c">York</subfield><subfield code="d">Hanover.</subfield></datafield><datafield ind1="1" ind2=" " tag="775"><subfield code="t">Evening herald (Hanover, Pa.)</subfield><subfield code="w">(DLC)sn 88080957</subfield></datafield><datafield ind1="1" ind2=" " tag="775"><subfield code="t">Record herald (Hanover, Pa.)</subfield><subfield code="w">(DLC)sn 88080960</subfield></datafield><datafield ind1="1" ind2=" " tag="029"><subfield code="a">AU@</subfield><subfield code="b">000025835211</subfield></datafield></record>